%YAML 1.1
%TAG !u! tag:unity3d.com,2011:
--- !u!1 &1907662519237666671
GameObject:
  m_ObjectHideFlags: 0
  m_CorrespondingSourceObject: {fileID: 0}
  m_PrefabInstance: {fileID: 0}
  m_PrefabAsset: {fileID: 0}
  serializedVersion: 6
  m_Component:
  - component: {fileID: 9179727831485065552}
  - component: {fileID: 4846019610708428209}
  m_Layer: 0
  m_Name: Rail_Intermedio_1 (5)
  m_TagString: Untagged
  m_Icon: {fileID: 0}
  m_NavMeshLayer: 0
  m_StaticEditorFlags: 0
  m_IsActive: 1
--- !u!4 &9179727831485065552
Transform:
  m_ObjectHideFlags: 0
  m_CorrespondingSourceObject: {fileID: 0}
  m_PrefabInstance: {fileID: 0}
  m_PrefabAsset: {fileID: 0}
  m_GameObject: {fileID: 1907662519237666671}
  m_LocalRotation: {x: -0, y: -0, z: -0, w: 1}
  m_LocalPosition: {x: 5.6000004, y: -9, z: 0.6}
  m_LocalScale: {x: 10, y: 10, z: 10}
  m_Children: []
  m_Father: {fileID: 2934618939814206556}
  m_RootOrder: 20
  m_LocalEulerAnglesHint: {x: 0, y: 0, z: 0}
--- !u!212 &4846019610708428209
SpriteRenderer:
  m_ObjectHideFlags: 0
  m_CorrespondingSourceObject: {fileID: 0}
  m_PrefabInstance: {fileID: 0}
  m_PrefabAsset: {fileID: 0}
  m_GameObject: {fileID: 1907662519237666671}
  m_Enabled: 1
  m_CastShadows: 0
  m_ReceiveShadows: 0
  m_DynamicOccludee: 1
  m_MotionVectors: 1
  m_LightProbeUsage: 1
  m_ReflectionProbeUsage: 1
  m_RayTracingMode: 0
  m_RayTraceProcedural: 0
  m_RenderingLayerMask: 1
  m_RendererPriority: 0
  m_Materials:
  - {fileID: 10754, guid: 0000000000000000f000000000000000, type: 0}
  m_StaticBatchInfo:
    firstSubMesh: 0
    subMeshCount: 0
  m_StaticBatchRoot: {fileID: 0}
  m_ProbeAnchor: {fileID: 0}
  m_LightProbeVolumeOverride: {fileID: 0}
  m_ScaleInLightmap: 1
  m_ReceiveGI: 1
  m_PreserveUVs: 0
  m_IgnoreNormalsForChartDetection: 0
  m_ImportantGI: 0
  m_StitchLightmapSeams: 1
  m_SelectedEditorRenderState: 0
  m_MinimumChartSize: 4
  m_AutoUVMaxDistance: 0.5
  m_AutoUVMaxAngle: 89
  m_LightmapParameters: {fileID: 0}
  m_SortingLayerID: 0
  m_SortingLayer: 0
  m_SortingOrder: 0
  m_Sprite: {fileID: 21300000, guid: 65b14172ba41282498406cb9b2b78270, type: 3}
  m_Color: {r: 1, g: 1, b: 1, a: 1}
  m_FlipX: 0
  m_FlipY: 0
  m_DrawMode: 0
  m_Size: {x: 0.32, y: 0.2}
  m_AdaptiveModeThreshold: 0.5
  m_SpriteTileMode: 0
  m_WasSpriteAssigned: 1
  m_MaskInteraction: 0
  m_SpriteSortPoint: 0
--- !u!1 &2587987615647750788
GameObject:
  m_ObjectHideFlags: 0
  m_CorrespondingSourceObject: {fileID: 0}
  m_PrefabInstance: {fileID: 0}
  m_PrefabAsset: {fileID: 0}
  serializedVersion: 6
  m_Component:
  - component: {fileID: 640404929519426021}
  - component: {fileID: 70004529003544926}
  m_Layer: 0
  m_Name: Rail_Intermedio_1 (4)
  m_TagString: Untagged
  m_Icon: {fileID: 0}
  m_NavMeshLayer: 0
  m_StaticEditorFlags: 0
  m_IsActive: 1
--- !u!4 &640404929519426021
Transform:
  m_ObjectHideFlags: 0
  m_CorrespondingSourceObject: {fileID: 0}
  m_PrefabInstance: {fileID: 0}
  m_PrefabAsset: {fileID: 0}
  m_GameObject: {fileID: 2587987615647750788}
  m_LocalRotation: {x: -0, y: -0, z: -0, w: 1}
  m_LocalPosition: {x: 18.4, y: -9, z: 0.6}
  m_LocalScale: {x: 10, y: 10, z: 10}
  m_Children: []
  m_Father: {fileID: 2934618939814206556}
  m_RootOrder: 19
  m_LocalEulerAnglesHint: {x: 0, y: 0, z: 0}
--- !u!212 &70004529003544926
SpriteRenderer:
  m_ObjectHideFlags: 0
  m_CorrespondingSourceObject: {fileID: 0}
  m_PrefabInstance: {fileID: 0}
  m_PrefabAsset: {fileID: 0}
  m_GameObject: {fileID: 2587987615647750788}
  m_Enabled: 1
  m_CastShadows: 0
  m_ReceiveShadows: 0
  m_DynamicOccludee: 1
  m_MotionVectors: 1
  m_LightProbeUsage: 1
  m_ReflectionProbeUsage: 1
  m_RayTracingMode: 0
  m_RayTraceProcedural: 0
  m_RenderingLayerMask: 1
  m_RendererPriority: 0
  m_Materials:
  - {fileID: 10754, guid: 0000000000000000f000000000000000, type: 0}
  m_StaticBatchInfo:
    firstSubMesh: 0
    subMeshCount: 0
  m_StaticBatchRoot: {fileID: 0}
  m_ProbeAnchor: {fileID: 0}
  m_LightProbeVolumeOverride: {fileID: 0}
  m_ScaleInLightmap: 1
  m_ReceiveGI: 1
  m_PreserveUVs: 0
  m_IgnoreNormalsForChartDetection: 0
  m_ImportantGI: 0
  m_StitchLightmapSeams: 1
  m_SelectedEditorRenderState: 0
  m_MinimumChartSize: 4
  m_AutoUVMaxDistance: 0.5
  m_AutoUVMaxAngle: 89
  m_LightmapParameters: {fileID: 0}
  m_SortingLayerID: 0
  m_SortingLayer: 0
  m_SortingOrder: 0
  m_Sprite: {fileID: 21300000, guid: 65b14172ba41282498406cb9b2b78270, type: 3}
  m_Color: {r: 1, g: 1, b: 1, a: 1}
  m_FlipX: 0
  m_FlipY: 0
  m_DrawMode: 0
  m_Size: {x: 0.32, y: 0.2}
  m_AdaptiveModeThreshold: 0.5
  m_SpriteTileMode: 0
  m_WasSpriteAssigned: 1
  m_MaskInteraction: 0
  m_SpriteSortPoint: 0
--- !u!1 &2906009718480659621
GameObject:
  m_ObjectHideFlags: 0
  m_CorrespondingSourceObject: {fileID: 0}
  m_PrefabInstance: {fileID: 0}
  m_PrefabAsset: {fileID: 0}
  serializedVersion: 6
  m_Component:
  - component: {fileID: 1181394887570784346}
  - component: {fileID: 2053823093519290433}
  m_Layer: 0
  m_Name: Rail_Inicio_1
  m_TagString: Untagged
  m_Icon: {fileID: 0}
  m_NavMeshLayer: 0
  m_StaticEditorFlags: 0
  m_IsActive: 1
--- !u!4 &1181394887570784346
Transform:
  m_ObjectHideFlags: 0
  m_CorrespondingSourceObject: {fileID: 0}
  m_PrefabInstance: {fileID: 0}
  m_PrefabAsset: {fileID: 0}
  m_GameObject: {fileID: 2906009718480659621}
  m_LocalRotation: {x: -0, y: -0, z: -0, w: 1}
  m_LocalPosition: {x: 2.4, y: -9, z: 0.6}
  m_LocalScale: {x: 10, y: 10, z: 10}
  m_Children: []
  m_Father: {fileID: 2934618939814206556}
  m_RootOrder: 2
  m_LocalEulerAnglesHint: {x: 0, y: 0, z: 0}
--- !u!212 &2053823093519290433
SpriteRenderer:
  m_ObjectHideFlags: 0
  m_CorrespondingSourceObject: {fileID: 0}
  m_PrefabInstance: {fileID: 0}
  m_PrefabAsset: {fileID: 0}
  m_GameObject: {fileID: 2906009718480659621}
  m_Enabled: 1
  m_CastShadows: 0
  m_ReceiveShadows: 0
  m_DynamicOccludee: 1
  m_MotionVectors: 1
  m_LightProbeUsage: 1
  m_ReflectionProbeUsage: 1
  m_RayTracingMode: 0
  m_RayTraceProcedural: 0
  m_RenderingLayerMask: 1
  m_RendererPriority: 0
  m_Materials:
  - {fileID: 10754, guid: 0000000000000000f000000000000000, type: 0}
  m_StaticBatchInfo:
    firstSubMesh: 0
    subMeshCount: 0
  m_StaticBatchRoot: {fileID: 0}
  m_ProbeAnchor: {fileID: 0}
  m_LightProbeVolumeOverride: {fileID: 0}
  m_ScaleInLightmap: 1
  m_ReceiveGI: 1
  m_PreserveUVs: 0
  m_IgnoreNormalsForChartDetection: 0
  m_ImportantGI: 0
  m_StitchLightmapSeams: 1
  m_SelectedEditorRenderState: 0
  m_MinimumChartSize: 4
  m_AutoUVMaxDistance: 0.5
  m_AutoUVMaxAngle: 89
  m_LightmapParameters: {fileID: 0}
  m_SortingLayerID: 0
  m_SortingLayer: 0
  m_SortingOrder: 0
  m_Sprite: {fileID: 21300000, guid: 3ccd33d7e48211e419b1b6cbd41d790d, type: 3}
  m_Color: {r: 1, g: 1, b: 1, a: 1}
  m_FlipX: 0
  m_FlipY: 0
  m_DrawMode: 0
  m_Size: {x: 0.32, y: 0.2}
  m_AdaptiveModeThreshold: 0.5
  m_SpriteTileMode: 0
  m_WasSpriteAssigned: 1
  m_MaskInteraction: 0
  m_SpriteSortPoint: 0
--- !u!1 &5248893574324962161
GameObject:
  m_ObjectHideFlags: 0
  m_CorrespondingSourceObject: {fileID: 0}
  m_PrefabInstance: {fileID: 0}
  m_PrefabAsset: {fileID: 0}
  serializedVersion: 6
  m_Component:
  - component: {fileID: 355214080888507487}
  m_Layer: 0
  m_Name: Mundo1_Inter3
  m_TagString: Untagged
  m_Icon: {fileID: 0}
  m_NavMeshLayer: 0
  m_StaticEditorFlags: 0
  m_IsActive: 1
--- !u!4 &355214080888507487
Transform:
  m_ObjectHideFlags: 0
  m_CorrespondingSourceObject: {fileID: 0}
  m_PrefabInstance: {fileID: 0}
  m_PrefabAsset: {fileID: 0}
  m_GameObject: {fileID: 5248893574324962161}
  m_LocalRotation: {x: 0, y: 0, z: 0, w: 1}
  m_LocalPosition: {x: 0, y: 0, z: 0}
  m_LocalScale: {x: 1, y: 1, z: 1}
  m_Children:
  - {fileID: 2934618939814206556}
  - {fileID: 7890066981839707939}
  m_Father: {fileID: 0}
  m_RootOrder: 0
  m_LocalEulerAnglesHint: {x: 0, y: 0, z: 0}
--- !u!1 &5682933734444722260
GameObject:
  m_ObjectHideFlags: 0
  m_CorrespondingSourceObject: {fileID: 0}
  m_PrefabInstance: {fileID: 0}
  m_PrefabAsset: {fileID: 0}
  serializedVersion: 6
  m_Component:
  - component: {fileID: 3009888559624819032}
  - component: {fileID: 666048235926021612}
  m_Layer: 0
  m_Name: Rail_Intermedio_1 (1)
  m_TagString: Untagged
  m_Icon: {fileID: 0}
  m_NavMeshLayer: 0
  m_StaticEditorFlags: 0
  m_IsActive: 1
--- !u!4 &3009888559624819032
Transform:
  m_ObjectHideFlags: 0
  m_CorrespondingSourceObject: {fileID: 0}
  m_PrefabInstance: {fileID: 0}
  m_PrefabAsset: {fileID: 0}
  m_GameObject: {fileID: 5682933734444722260}
  m_LocalRotation: {x: -0, y: -0, z: -0, w: 1}
  m_LocalPosition: {x: 8.8, y: -9, z: 0.6}
  m_LocalScale: {x: 10, y: 10, z: 10}
  m_Children: []
  m_Father: {fileID: 2934618939814206556}
  m_RootOrder: 4
  m_LocalEulerAnglesHint: {x: 0, y: 0, z: 0}
--- !u!212 &666048235926021612
SpriteRenderer:
  m_ObjectHideFlags: 0
  m_CorrespondingSourceObject: {fileID: 0}
  m_PrefabInstance: {fileID: 0}
  m_PrefabAsset: {fileID: 0}
  m_GameObject: {fileID: 5682933734444722260}
  m_Enabled: 1
  m_CastShadows: 0
  m_ReceiveShadows: 0
  m_DynamicOccludee: 1
  m_MotionVectors: 1
  m_LightProbeUsage: 1
  m_ReflectionProbeUsage: 1
  m_RayTracingMode: 0
  m_RayTraceProcedural: 0
  m_RenderingLayerMask: 1
  m_RendererPriority: 0
  m_Materials:
  - {fileID: 10754, guid: 0000000000000000f000000000000000, type: 0}
  m_StaticBatchInfo:
    firstSubMesh: 0
    subMeshCount: 0
  m_StaticBatchRoot: {fileID: 0}
  m_ProbeAnchor: {fileID: 0}
  m_LightProbeVolumeOverride: {fileID: 0}
  m_ScaleInLightmap: 1
  m_ReceiveGI: 1
  m_PreserveUVs: 0
  m_IgnoreNormalsForChartDetection: 0
  m_ImportantGI: 0
  m_StitchLightmapSeams: 1
  m_SelectedEditorRenderState: 0
  m_MinimumChartSize: 4
  m_AutoUVMaxDistance: 0.5
  m_AutoUVMaxAngle: 89
  m_LightmapParameters: {fileID: 0}
  m_SortingLayerID: 0
  m_SortingLayer: 0
  m_SortingOrder: 0
  m_Sprite: {fileID: 21300000, guid: 65b14172ba41282498406cb9b2b78270, type: 3}
  m_Color: {r: 1, g: 1, b: 1, a: 1}
  m_FlipX: 0
  m_FlipY: 0
  m_DrawMode: 0
  m_Size: {x: 0.32, y: 0.2}
  m_AdaptiveModeThreshold: 0.5
  m_SpriteTileMode: 0
  m_WasSpriteAssigned: 1
  m_MaskInteraction: 0
  m_SpriteSortPoint: 0
--- !u!1 &6968518401622114876
GameObject:
  m_ObjectHideFlags: 0
  m_CorrespondingSourceObject: {fileID: 0}
  m_PrefabInstance: {fileID: 0}
  m_PrefabAsset: {fileID: 0}
  serializedVersion: 6
  m_Component:
  - component: {fileID: 2934618939814206556}
  m_Layer: 0
  m_Name: LvlPieces
  m_TagString: Untagged
  m_Icon: {fileID: 0}
  m_NavMeshLayer: 0
  m_StaticEditorFlags: 0
  m_IsActive: 1
--- !u!4 &2934618939814206556
Transform:
  m_ObjectHideFlags: 0
  m_CorrespondingSourceObject: {fileID: 0}
  m_PrefabInstance: {fileID: 0}
  m_PrefabAsset: {fileID: 0}
  m_GameObject: {fileID: 6968518401622114876}
  m_LocalRotation: {x: 0, y: 0, z: 0, w: 1}
  m_LocalPosition: {x: 0, y: 0, z: 0}
  m_LocalScale: {x: 1, y: 1, z: 1}
  m_Children:
  - {fileID: 7079062890764657302}
  - {fileID: 799734482721064323}
  - {fileID: 1181394887570784346}
  - {fileID: 1253329266984125990}
  - {fileID: 3009888559624819032}
  - {fileID: 3528854771817618241}
  - {fileID: 1210246783273377988}
  - {fileID: 33019159764857668}
  - {fileID: 8105328042094176769}
  - {fileID: 3916845324003691717}
  - {fileID: 3460102430459536693}
  - {fileID: 677736084812520526}
  - {fileID: 6197559953422739754}
  - {fileID: 2659819627587735175}
  - {fileID: 4116494723385810608}
  - {fileID: 5987105077075607584}
  - {fileID: 3562885975583988595}
  - {fileID: 2206286181033642247}
  - {fileID: 7659927275105154195}
  - {fileID: 640404929519426021}
  - {fileID: 9179727831485065552}
  - {fileID: 4451282624890035323}
  m_Father: {fileID: 355214080888507487}
  m_RootOrder: 0
  m_LocalEulerAnglesHint: {x: 0, y: 0, z: 0}
--- !u!1 &7471967195363654847
GameObject:
  m_ObjectHideFlags: 0
  m_CorrespondingSourceObject: {fileID: 0}
  m_PrefabInstance: {fileID: 0}
  m_PrefabAsset: {fileID: 0}
  serializedVersion: 6
  m_Component:
  - component: {fileID: 2206286181033642247}
  - component: {fileID: 8363718205707472668}
  m_Layer: 0
  m_Name: Cartel_3
  m_TagString: Untagged
  m_Icon: {fileID: 0}
  m_NavMeshLayer: 0
  m_StaticEditorFlags: 0
  m_IsActive: 1
--- !u!4 &2206286181033642247
Transform:
  m_ObjectHideFlags: 0
  m_CorrespondingSourceObject: {fileID: 0}
  m_PrefabInstance: {fileID: 0}
  m_PrefabAsset: {fileID: 0}
  m_GameObject: {fileID: 7471967195363654847}
  m_LocalRotation: {x: -0, y: -0, z: -0, w: 1}
  m_LocalPosition: {x: 6.5999994, y: -4, z: 1.2}
  m_LocalScale: {x: 10, y: 10, z: 10}
  m_Children: []
  m_Father: {fileID: 2934618939814206556}
  m_RootOrder: 17
  m_LocalEulerAnglesHint: {x: 0, y: 0, z: 0}
--- !u!212 &8363718205707472668
SpriteRenderer:
  m_ObjectHideFlags: 0
  m_CorrespondingSourceObject: {fileID: 0}
  m_PrefabInstance: {fileID: 0}
  m_PrefabAsset: {fileID: 0}
  m_GameObject: {fileID: 7471967195363654847}
  m_Enabled: 1
  m_CastShadows: 0
  m_ReceiveShadows: 0
  m_DynamicOccludee: 1
  m_MotionVectors: 1
  m_LightProbeUsage: 1
  m_ReflectionProbeUsage: 1
  m_RayTracingMode: 0
  m_RayTraceProcedural: 0
  m_RenderingLayerMask: 1
  m_RendererPriority: 0
  m_Materials:
  - {fileID: 10754, guid: 0000000000000000f000000000000000, type: 0}
  m_StaticBatchInfo:
    firstSubMesh: 0
    subMeshCount: 0
  m_StaticBatchRoot: {fileID: 0}
  m_ProbeAnchor: {fileID: 0}
  m_LightProbeVolumeOverride: {fileID: 0}
  m_ScaleInLightmap: 1
  m_ReceiveGI: 1
  m_PreserveUVs: 0
  m_IgnoreNormalsForChartDetection: 0
  m_ImportantGI: 0
  m_StitchLightmapSeams: 1
  m_SelectedEditorRenderState: 0
  m_MinimumChartSize: 4
  m_AutoUVMaxDistance: 0.5
  m_AutoUVMaxAngle: 89
  m_LightmapParameters: {fileID: 0}
  m_SortingLayerID: 0
  m_SortingLayer: 0
  m_SortingOrder: 0
  m_Sprite: {fileID: 21300000, guid: 4c18d29ca3edd8c4e98d152a94e38ce5, type: 3}
  m_Color: {r: 1, g: 1, b: 1, a: 1}
  m_FlipX: 0
  m_FlipY: 0
  m_DrawMode: 0
  m_Size: {x: 0.96, y: 1.2}
  m_AdaptiveModeThreshold: 0.5
  m_SpriteTileMode: 0
  m_WasSpriteAssigned: 1
  m_MaskInteraction: 0
  m_SpriteSortPoint: 0
--- !u!1 &7577627686144861460
GameObject:
  m_ObjectHideFlags: 0
  m_CorrespondingSourceObject: {fileID: 0}
  m_PrefabInstance: {fileID: 0}
  m_PrefabAsset: {fileID: 0}
  serializedVersion: 6
  m_Component:
  - component: {fileID: 1253329266984125990}
  - component: {fileID: 5843540122675400501}
  m_Layer: 0
  m_Name: Rail_Intermedio_1
  m_TagString: Untagged
  m_Icon: {fileID: 0}
  m_NavMeshLayer: 0
  m_StaticEditorFlags: 0
  m_IsActive: 1
--- !u!4 &1253329266984125990
Transform:
  m_ObjectHideFlags: 0
  m_CorrespondingSourceObject: {fileID: 0}
  m_PrefabInstance: {fileID: 0}
  m_PrefabAsset: {fileID: 0}
  m_GameObject: {fileID: 7577627686144861460}
  m_LocalRotation: {x: -0, y: -0, z: -0, w: 1}
  m_LocalPosition: {x: -8.4, y: -9, z: 0.6}
  m_LocalScale: {x: 10, y: 10, z: 10}
  m_Children: []
  m_Father: {fileID: 2934618939814206556}
  m_RootOrder: 3
  m_LocalEulerAnglesHint: {x: 0, y: 0, z: 0}
--- !u!212 &5843540122675400501
SpriteRenderer:
  m_ObjectHideFlags: 0
  m_CorrespondingSourceObject: {fileID: 0}
  m_PrefabInstance: {fileID: 0}
  m_PrefabAsset: {fileID: 0}
  m_GameObject: {fileID: 7577627686144861460}
  m_Enabled: 1
  m_CastShadows: 0
  m_ReceiveShadows: 0
  m_DynamicOccludee: 1
  m_MotionVectors: 1
  m_LightProbeUsage: 1
  m_ReflectionProbeUsage: 1
  m_RayTracingMode: 0
  m_RayTraceProcedural: 0
  m_RenderingLayerMask: 1
  m_RendererPriority: 0
  m_Materials:
  - {fileID: 10754, guid: 0000000000000000f000000000000000, type: 0}
  m_StaticBatchInfo:
    firstSubMesh: 0
    subMeshCount: 0
  m_StaticBatchRoot: {fileID: 0}
  m_ProbeAnchor: {fileID: 0}
  m_LightProbeVolumeOverride: {fileID: 0}
  m_ScaleInLightmap: 1
  m_ReceiveGI: 1
  m_PreserveUVs: 0
  m_IgnoreNormalsForChartDetection: 0
  m_ImportantGI: 0
  m_StitchLightmapSeams: 1
  m_SelectedEditorRenderState: 0
  m_MinimumChartSize: 4
  m_AutoUVMaxDistance: 0.5
  m_AutoUVMaxAngle: 89
  m_LightmapParameters: {fileID: 0}
  m_SortingLayerID: 0
  m_SortingLayer: 0
  m_SortingOrder: 0
  m_Sprite: {fileID: 21300000, guid: 65b14172ba41282498406cb9b2b78270, type: 3}
  m_Color: {r: 1, g: 1, b: 1, a: 1}
  m_FlipX: 0
  m_FlipY: 0
  m_DrawMode: 0
  m_Size: {x: 0.32, y: 0.2}
  m_AdaptiveModeThreshold: 0.5
  m_SpriteTileMode: 0
  m_WasSpriteAssigned: 1
  m_MaskInteraction: 0
  m_SpriteSortPoint: 0
--- !u!1 &7742827048228705881
GameObject:
  m_ObjectHideFlags: 0
  m_CorrespondingSourceObject: {fileID: 0}
  m_PrefabInstance: {fileID: 0}
  m_PrefabAsset: {fileID: 0}
  serializedVersion: 6
  m_Component:
  - component: {fileID: 799734482721064323}
  - component: {fileID: 1650076052646392950}
  m_Layer: 0
  m_Name: Rail_Fin_1
  m_TagString: Untagged
  m_Icon: {fileID: 0}
  m_NavMeshLayer: 0
  m_StaticEditorFlags: 0
  m_IsActive: 1
--- !u!4 &799734482721064323
Transform:
  m_ObjectHideFlags: 0
  m_CorrespondingSourceObject: {fileID: 0}
  m_PrefabInstance: {fileID: 0}
  m_PrefabAsset: {fileID: 0}
  m_GameObject: {fileID: 7742827048228705881}
  m_LocalRotation: {x: -0, y: -0, z: -0, w: 1}
  m_LocalPosition: {x: -5.2000003, y: -9, z: 0.6}
  m_LocalScale: {x: 10, y: 10, z: 10}
  m_Children: []
  m_Father: {fileID: 2934618939814206556}
  m_RootOrder: 1
  m_LocalEulerAnglesHint: {x: 0, y: 0, z: 0}
--- !u!212 &1650076052646392950
SpriteRenderer:
  m_ObjectHideFlags: 0
  m_CorrespondingSourceObject: {fileID: 0}
  m_PrefabInstance: {fileID: 0}
  m_PrefabAsset: {fileID: 0}
  m_GameObject: {fileID: 7742827048228705881}
  m_Enabled: 1
  m_CastShadows: 0
  m_ReceiveShadows: 0
  m_DynamicOccludee: 1
  m_MotionVectors: 1
  m_LightProbeUsage: 1
  m_ReflectionProbeUsage: 1
  m_RayTracingMode: 0
  m_RayTraceProcedural: 0
  m_RenderingLayerMask: 1
  m_RendererPriority: 0
  m_Materials:
  - {fileID: 10754, guid: 0000000000000000f000000000000000, type: 0}
  m_StaticBatchInfo:
    firstSubMesh: 0
    subMeshCount: 0
  m_StaticBatchRoot: {fileID: 0}
  m_ProbeAnchor: {fileID: 0}
  m_LightProbeVolumeOverride: {fileID: 0}
  m_ScaleInLightmap: 1
  m_ReceiveGI: 1
  m_PreserveUVs: 0
  m_IgnoreNormalsForChartDetection: 0
  m_ImportantGI: 0
  m_StitchLightmapSeams: 1
  m_SelectedEditorRenderState: 0
  m_MinimumChartSize: 4
  m_AutoUVMaxDistance: 0.5
  m_AutoUVMaxAngle: 89
  m_LightmapParameters: {fileID: 0}
  m_SortingLayerID: 0
  m_SortingLayer: 0
  m_SortingOrder: 0
  m_Sprite: {fileID: 21300000, guid: 0a5424332431c1f419c38b1c71be4840, type: 3}
  m_Color: {r: 1, g: 1, b: 1, a: 1}
  m_FlipX: 0
  m_FlipY: 0
  m_DrawMode: 0
  m_Size: {x: 0.32, y: 0.2}
  m_AdaptiveModeThreshold: 0.5
  m_SpriteTileMode: 0
  m_WasSpriteAssigned: 1
  m_MaskInteraction: 0
  m_SpriteSortPoint: 0
--- !u!1 &7749128369458996253
GameObject:
  m_ObjectHideFlags: 0
  m_CorrespondingSourceObject: {fileID: 0}
  m_PrefabInstance: {fileID: 0}
  m_PrefabAsset: {fileID: 0}
  serializedVersion: 6
  m_Component:
  - component: {fileID: 7079062890764657302}
  - component: {fileID: 7666925428644791507}
  - component: {fileID: 7559589054500137064}
  - component: {fileID: 609727984936354654}
  m_Layer: 0
  m_Name: Cube
  m_TagString: Floor
  m_Icon: {fileID: 0}
  m_NavMeshLayer: 0
  m_StaticEditorFlags: 0
  m_IsActive: 1
--- !u!4 &7079062890764657302
Transform:
  m_ObjectHideFlags: 0
  m_CorrespondingSourceObject: {fileID: 0}
  m_PrefabInstance: {fileID: 0}
  m_PrefabAsset: {fileID: 0}
  m_GameObject: {fileID: 7749128369458996253}
  m_LocalRotation: {x: -0, y: -0, z: -0, w: 1}
  m_LocalPosition: {x: 5, y: -10.5, z: 0}
  m_LocalScale: {x: 30, y: 1, z: 1}
  m_Children: []
  m_Father: {fileID: 2934618939814206556}
  m_RootOrder: 0
  m_LocalEulerAnglesHint: {x: 0, y: 0, z: 0}
--- !u!33 &7666925428644791507
MeshFilter:
  m_ObjectHideFlags: 0
  m_CorrespondingSourceObject: {fileID: 0}
  m_PrefabInstance: {fileID: 0}
  m_PrefabAsset: {fileID: 0}
  m_GameObject: {fileID: 7749128369458996253}
  m_Mesh: {fileID: 10202, guid: 0000000000000000e000000000000000, type: 0}
--- !u!23 &7559589054500137064
MeshRenderer:
  m_ObjectHideFlags: 0
  m_CorrespondingSourceObject: {fileID: 0}
  m_PrefabInstance: {fileID: 0}
  m_PrefabAsset: {fileID: 0}
  m_GameObject: {fileID: 7749128369458996253}
  m_Enabled: 1
  m_CastShadows: 1
  m_ReceiveShadows: 1
  m_DynamicOccludee: 1
  m_MotionVectors: 1
  m_LightProbeUsage: 1
  m_ReflectionProbeUsage: 1
  m_RayTracingMode: 2
  m_RayTraceProcedural: 0
  m_RenderingLayerMask: 1
  m_RendererPriority: 0
  m_Materials:
  - {fileID: 10303, guid: 0000000000000000f000000000000000, type: 0}
  m_StaticBatchInfo:
    firstSubMesh: 0
    subMeshCount: 0
  m_StaticBatchRoot: {fileID: 0}
  m_ProbeAnchor: {fileID: 0}
  m_LightProbeVolumeOverride: {fileID: 0}
  m_ScaleInLightmap: 1
  m_ReceiveGI: 1
  m_PreserveUVs: 0
  m_IgnoreNormalsForChartDetection: 0
  m_ImportantGI: 0
  m_StitchLightmapSeams: 1
  m_SelectedEditorRenderState: 3
  m_MinimumChartSize: 4
  m_AutoUVMaxDistance: 0.5
  m_AutoUVMaxAngle: 89
  m_LightmapParameters: {fileID: 0}
  m_SortingLayerID: 0
  m_SortingLayer: 0
  m_SortingOrder: 0
  m_AdditionalVertexStreams: {fileID: 0}
--- !u!61 &609727984936354654
BoxCollider2D:
  m_ObjectHideFlags: 0
  m_CorrespondingSourceObject: {fileID: 0}
  m_PrefabInstance: {fileID: 0}
  m_PrefabAsset: {fileID: 0}
  m_GameObject: {fileID: 7749128369458996253}
  m_Enabled: 1
  m_Density: 1
  m_Material: {fileID: 0}
  m_IsTrigger: 0
  m_UsedByEffector: 0
  m_UsedByComposite: 0
  m_Offset: {x: 0, y: 0}
  m_SpriteTilingProperty:
    border: {x: 0, y: 0, z: 0, w: 0}
    pivot: {x: 0, y: 0}
    oldSize: {x: 0, y: 0}
    newSize: {x: 0, y: 0}
    adaptiveTilingThreshold: 0
    drawMode: 0
    adaptiveTiling: 0
  m_AutoTiling: 0
  serializedVersion: 2
  m_Size: {x: 1, y: 1}
  m_EdgeRadius: 0
--- !u!1 &8072434475317043311
GameObject:
  m_ObjectHideFlags: 0
  m_CorrespondingSourceObject: {fileID: 0}
  m_PrefabInstance: {fileID: 0}
  m_PrefabAsset: {fileID: 0}
  serializedVersion: 6
  m_Component:
  - component: {fileID: 7659927275105154195}
  - component: {fileID: 422095174435061087}
  m_Layer: 0
  m_Name: Rail_Intermedio_1 (3)
  m_TagString: Untagged
  m_Icon: {fileID: 0}
  m_NavMeshLayer: 0
  m_StaticEditorFlags: 0
  m_IsActive: 1
--- !u!4 &7659927275105154195
Transform:
  m_ObjectHideFlags: 0
  m_CorrespondingSourceObject: {fileID: 0}
  m_PrefabInstance: {fileID: 0}
  m_PrefabAsset: {fileID: 0}
  m_GameObject: {fileID: 8072434475317043311}
  m_LocalRotation: {x: -0, y: -0, z: -0, w: 1}
  m_LocalPosition: {x: 15.2, y: -9, z: 0.6}
  m_LocalScale: {x: 10, y: 10, z: 10}
  m_Children: []
  m_Father: {fileID: 2934618939814206556}
  m_RootOrder: 18
  m_LocalEulerAnglesHint: {x: 0, y: 0, z: 0}
--- !u!212 &422095174435061087
SpriteRenderer:
  m_ObjectHideFlags: 0
  m_CorrespondingSourceObject: {fileID: 0}
  m_PrefabInstance: {fileID: 0}
  m_PrefabAsset: {fileID: 0}
  m_GameObject: {fileID: 8072434475317043311}
  m_Enabled: 1
  m_CastShadows: 0
  m_ReceiveShadows: 0
  m_DynamicOccludee: 1
  m_MotionVectors: 1
  m_LightProbeUsage: 1
  m_ReflectionProbeUsage: 1
  m_RayTracingMode: 0
  m_RayTraceProcedural: 0
  m_RenderingLayerMask: 1
  m_RendererPriority: 0
  m_Materials:
  - {fileID: 10754, guid: 0000000000000000f000000000000000, type: 0}
  m_StaticBatchInfo:
    firstSubMesh: 0
    subMeshCount: 0
  m_StaticBatchRoot: {fileID: 0}
  m_ProbeAnchor: {fileID: 0}
  m_LightProbeVolumeOverride: {fileID: 0}
  m_ScaleInLightmap: 1
  m_ReceiveGI: 1
  m_PreserveUVs: 0
  m_IgnoreNormalsForChartDetection: 0
  m_ImportantGI: 0
  m_StitchLightmapSeams: 1
  m_SelectedEditorRenderState: 0
  m_MinimumChartSize: 4
  m_AutoUVMaxDistance: 0.5
  m_AutoUVMaxAngle: 89
  m_LightmapParameters: {fileID: 0}
  m_SortingLayerID: 0
  m_SortingLayer: 0
  m_SortingOrder: 0
  m_Sprite: {fileID: 21300000, guid: 65b14172ba41282498406cb9b2b78270, type: 3}
  m_Color: {r: 1, g: 1, b: 1, a: 1}
  m_FlipX: 0
  m_FlipY: 0
  m_DrawMode: 0
  m_Size: {x: 0.32, y: 0.2}
  m_AdaptiveModeThreshold: 0.5
  m_SpriteTileMode: 0
  m_WasSpriteAssigned: 1
  m_MaskInteraction: 0
  m_SpriteSortPoint: 0
--- !u!1 &8813077999919755391
GameObject:
  m_ObjectHideFlags: 0
  m_CorrespondingSourceObject: {fileID: 0}
  m_PrefabInstance: {fileID: 0}
  m_PrefabAsset: {fileID: 0}
  serializedVersion: 6
  m_Component:
  - component: {fileID: 3528854771817618241}
  - component: {fileID: 7699707398702975801}
  m_Layer: 0
  m_Name: Rail_Intermedio_1 (2)
  m_TagString: Untagged
  m_Icon: {fileID: 0}
  m_NavMeshLayer: 0
  m_StaticEditorFlags: 0
  m_IsActive: 1
--- !u!4 &3528854771817618241
Transform:
  m_ObjectHideFlags: 0
  m_CorrespondingSourceObject: {fileID: 0}
  m_PrefabInstance: {fileID: 0}
  m_PrefabAsset: {fileID: 0}
  m_GameObject: {fileID: 8813077999919755391}
  m_LocalRotation: {x: -0, y: -0, z: -0, w: 1}
  m_LocalPosition: {x: 12, y: -9, z: 0.6}
  m_LocalScale: {x: 10, y: 10, z: 10}
  m_Children: []
  m_Father: {fileID: 2934618939814206556}
  m_RootOrder: 5
  m_LocalEulerAnglesHint: {x: 0, y: 0, z: 0}
--- !u!212 &7699707398702975801
SpriteRenderer:
  m_ObjectHideFlags: 0
  m_CorrespondingSourceObject: {fileID: 0}
  m_PrefabInstance: {fileID: 0}
  m_PrefabAsset: {fileID: 0}
  m_GameObject: {fileID: 8813077999919755391}
  m_Enabled: 1
  m_CastShadows: 0
  m_ReceiveShadows: 0
  m_DynamicOccludee: 1
  m_MotionVectors: 1
  m_LightProbeUsage: 1
  m_ReflectionProbeUsage: 1
  m_RayTracingMode: 0
  m_RayTraceProcedural: 0
  m_RenderingLayerMask: 1
  m_RendererPriority: 0
  m_Materials:
  - {fileID: 10754, guid: 0000000000000000f000000000000000, type: 0}
  m_StaticBatchInfo:
    firstSubMesh: 0
    subMeshCount: 0
  m_StaticBatchRoot: {fileID: 0}
  m_ProbeAnchor: {fileID: 0}
  m_LightProbeVolumeOverride: {fileID: 0}
  m_ScaleInLightmap: 1
  m_ReceiveGI: 1
  m_PreserveUVs: 0
  m_IgnoreNormalsForChartDetection: 0
  m_ImportantGI: 0
  m_StitchLightmapSeams: 1
  m_SelectedEditorRenderState: 0
  m_MinimumChartSize: 4
  m_AutoUVMaxDistance: 0.5
  m_AutoUVMaxAngle: 89
  m_LightmapParameters: {fileID: 0}
  m_SortingLayerID: 0
  m_SortingLayer: 0
  m_SortingOrder: 0
  m_Sprite: {fileID: 21300000, guid: 65b14172ba41282498406cb9b2b78270, type: 3}
  m_Color: {r: 1, g: 1, b: 1, a: 1}
  m_FlipX: 0
  m_FlipY: 0
  m_DrawMode: 0
  m_Size: {x: 0.32, y: 0.2}
  m_AdaptiveModeThreshold: 0.5
  m_SpriteTileMode: 0
  m_WasSpriteAssigned: 1
  m_MaskInteraction: 0
  m_SpriteSortPoint: 0
--- !u!1001 &1096035263109778399
PrefabInstance:
  m_ObjectHideFlags: 0
  serializedVersion: 2
  m_Modification:
    m_TransformParent: {fileID: 2934618939814206556}
    m_Modifications:
    - target: {fileID: 4486728348148584620, guid: f9ad5b1125bd4214d879a1b0dcff66cd,
        type: 3}
      propertyPath: m_LocalPosition.x
      value: 12.000001
      objectReference: {fileID: 0}
    - target: {fileID: 4486728348148584620, guid: f9ad5b1125bd4214d879a1b0dcff66cd,
        type: 3}
      propertyPath: m_LocalPosition.y
      value: -4
      objectReference: {fileID: 0}
    - target: {fileID: 4486728348148584620, guid: f9ad5b1125bd4214d879a1b0dcff66cd,
        type: 3}
      propertyPath: m_LocalPosition.z
      value: 1
      objectReference: {fileID: 0}
    - target: {fileID: 4486728348148584620, guid: f9ad5b1125bd4214d879a1b0dcff66cd,
        type: 3}
      propertyPath: m_LocalRotation.x
      value: 0
      objectReference: {fileID: 0}
    - target: {fileID: 4486728348148584620, guid: f9ad5b1125bd4214d879a1b0dcff66cd,
        type: 3}
      propertyPath: m_LocalRotation.y
      value: 0
      objectReference: {fileID: 0}
    - target: {fileID: 4486728348148584620, guid: f9ad5b1125bd4214d879a1b0dcff66cd,
        type: 3}
      propertyPath: m_LocalRotation.z
      value: 0
      objectReference: {fileID: 0}
    - target: {fileID: 4486728348148584620, guid: f9ad5b1125bd4214d879a1b0dcff66cd,
        type: 3}
      propertyPath: m_LocalRotation.w
      value: 1
      objectReference: {fileID: 0}
    - target: {fileID: 4486728348148584620, guid: f9ad5b1125bd4214d879a1b0dcff66cd,
        type: 3}
      propertyPath: m_RootOrder
      value: 16
      objectReference: {fileID: 0}
    - target: {fileID: 4486728348148584620, guid: f9ad5b1125bd4214d879a1b0dcff66cd,
        type: 3}
      propertyPath: m_LocalEulerAnglesHint.x
      value: 0
      objectReference: {fileID: 0}
    - target: {fileID: 4486728348148584620, guid: f9ad5b1125bd4214d879a1b0dcff66cd,
        type: 3}
      propertyPath: m_LocalEulerAnglesHint.y
      value: 0
      objectReference: {fileID: 0}
    - target: {fileID: 4486728348148584620, guid: f9ad5b1125bd4214d879a1b0dcff66cd,
        type: 3}
      propertyPath: m_LocalEulerAnglesHint.z
      value: 0
      objectReference: {fileID: 0}
    - target: {fileID: 4486728348148588370, guid: f9ad5b1125bd4214d879a1b0dcff66cd,
        type: 3}
      propertyPath: m_Name
      value: Farola_1 (2)
      objectReference: {fileID: 0}
    m_RemovedComponents: []
  m_SourcePrefab: {fileID: 100100000, guid: f9ad5b1125bd4214d879a1b0dcff66cd, type: 3}
--- !u!4 &3562885975583988595 stripped
Transform:
  m_CorrespondingSourceObject: {fileID: 4486728348148584620, guid: f9ad5b1125bd4214d879a1b0dcff66cd,
    type: 3}
  m_PrefabInstance: {fileID: 1096035263109778399}
  m_PrefabAsset: {fileID: 0}
--- !u!1001 &2554050904625629625
PrefabInstance:
  m_ObjectHideFlags: 0
  serializedVersion: 2
  m_Modification:
    m_TransformParent: {fileID: 2934618939814206556}
    m_Modifications:
    - target: {fileID: 8229323175108125452, guid: 22f6b11c83aa53c419e1573d0fca4acd,
        type: 3}
      propertyPath: m_Name
      value: BloqueCemento_1 (4)
      objectReference: {fileID: 0}
    - target: {fileID: 8463363439183208595, guid: 22f6b11c83aa53c419e1573d0fca4acd,
        type: 3}
      propertyPath: m_LocalPosition.x
      value: 4.799999
      objectReference: {fileID: 0}
    - target: {fileID: 8463363439183208595, guid: 22f6b11c83aa53c419e1573d0fca4acd,
        type: 3}
      propertyPath: m_LocalPosition.y
      value: -9.2
      objectReference: {fileID: 0}
    - target: {fileID: 8463363439183208595, guid: 22f6b11c83aa53c419e1573d0fca4acd,
        type: 3}
      propertyPath: m_LocalPosition.z
      value: 0.4
      objectReference: {fileID: 0}
    - target: {fileID: 8463363439183208595, guid: 22f6b11c83aa53c419e1573d0fca4acd,
        type: 3}
      propertyPath: m_LocalRotation.x
      value: -0
      objectReference: {fileID: 0}
    - target: {fileID: 8463363439183208595, guid: 22f6b11c83aa53c419e1573d0fca4acd,
        type: 3}
      propertyPath: m_LocalRotation.y
      value: -0
      objectReference: {fileID: 0}
    - target: {fileID: 8463363439183208595, guid: 22f6b11c83aa53c419e1573d0fca4acd,
        type: 3}
      propertyPath: m_LocalRotation.z
      value: -0
      objectReference: {fileID: 0}
    - target: {fileID: 8463363439183208595, guid: 22f6b11c83aa53c419e1573d0fca4acd,
        type: 3}
      propertyPath: m_LocalRotation.w
      value: 1
      objectReference: {fileID: 0}
    - target: {fileID: 8463363439183208595, guid: 22f6b11c83aa53c419e1573d0fca4acd,
        type: 3}
      propertyPath: m_RootOrder
      value: 12
      objectReference: {fileID: 0}
    - target: {fileID: 8463363439183208595, guid: 22f6b11c83aa53c419e1573d0fca4acd,
        type: 3}
      propertyPath: m_LocalEulerAnglesHint.x
      value: 0
      objectReference: {fileID: 0}
    - target: {fileID: 8463363439183208595, guid: 22f6b11c83aa53c419e1573d0fca4acd,
        type: 3}
      propertyPath: m_LocalEulerAnglesHint.y
      value: 0
      objectReference: {fileID: 0}
    - target: {fileID: 8463363439183208595, guid: 22f6b11c83aa53c419e1573d0fca4acd,
        type: 3}
      propertyPath: m_LocalEulerAnglesHint.z
      value: 0
      objectReference: {fileID: 0}
    m_RemovedComponents: []
  m_SourcePrefab: {fileID: 100100000, guid: 22f6b11c83aa53c419e1573d0fca4acd, type: 3}
--- !u!4 &6197559953422739754 stripped
Transform:
  m_CorrespondingSourceObject: {fileID: 8463363439183208595, guid: 22f6b11c83aa53c419e1573d0fca4acd,
    type: 3}
  m_PrefabInstance: {fileID: 2554050904625629625}
  m_PrefabAsset: {fileID: 0}
--- !u!1001 &2614779087606641494
PrefabInstance:
  m_ObjectHideFlags: 0
  serializedVersion: 2
  m_Modification:
    m_TransformParent: {fileID: 2934618939814206556}
    m_Modifications:
    - target: {fileID: 3783629176405775250, guid: c7c1a948b29dbf74482d526a9cb70b09,
        type: 3}
      propertyPath: m_LocalPosition.x
      value: -3.2000005
      objectReference: {fileID: 0}
    - target: {fileID: 3783629176405775250, guid: c7c1a948b29dbf74482d526a9cb70b09,
        type: 3}
      propertyPath: m_LocalPosition.y
      value: -9.2
      objectReference: {fileID: 0}
    - target: {fileID: 3783629176405775250, guid: c7c1a948b29dbf74482d526a9cb70b09,
        type: 3}
      propertyPath: m_LocalPosition.z
      value: 0.4
      objectReference: {fileID: 0}
    - target: {fileID: 3783629176405775250, guid: c7c1a948b29dbf74482d526a9cb70b09,
        type: 3}
      propertyPath: m_LocalRotation.x
      value: -0
      objectReference: {fileID: 0}
    - target: {fileID: 3783629176405775250, guid: c7c1a948b29dbf74482d526a9cb70b09,
        type: 3}
      propertyPath: m_LocalRotation.y
      value: -0
      objectReference: {fileID: 0}
    - target: {fileID: 3783629176405775250, guid: c7c1a948b29dbf74482d526a9cb70b09,
        type: 3}
      propertyPath: m_LocalRotation.z
      value: -0
      objectReference: {fileID: 0}
    - target: {fileID: 3783629176405775250, guid: c7c1a948b29dbf74482d526a9cb70b09,
        type: 3}
      propertyPath: m_LocalRotation.w
      value: 1
      objectReference: {fileID: 0}
    - target: {fileID: 3783629176405775250, guid: c7c1a948b29dbf74482d526a9cb70b09,
        type: 3}
      propertyPath: m_RootOrder
      value: 6
      objectReference: {fileID: 0}
    - target: {fileID: 3783629176405775250, guid: c7c1a948b29dbf74482d526a9cb70b09,
        type: 3}
      propertyPath: m_LocalEulerAnglesHint.x
      value: 0
      objectReference: {fileID: 0}
    - target: {fileID: 3783629176405775250, guid: c7c1a948b29dbf74482d526a9cb70b09,
        type: 3}
      propertyPath: m_LocalEulerAnglesHint.y
      value: 0
      objectReference: {fileID: 0}
    - target: {fileID: 3783629176405775250, guid: c7c1a948b29dbf74482d526a9cb70b09,
        type: 3}
      propertyPath: m_LocalEulerAnglesHint.z
      value: 0
      objectReference: {fileID: 0}
    - target: {fileID: 5026451900404374917, guid: c7c1a948b29dbf74482d526a9cb70b09,
        type: 3}
      propertyPath: m_Name
      value: BloqueCemento_2
      objectReference: {fileID: 0}
    m_RemovedComponents: []
  m_SourcePrefab: {fileID: 100100000, guid: c7c1a948b29dbf74482d526a9cb70b09, type: 3}
--- !u!4 &1210246783273377988 stripped
Transform:
  m_CorrespondingSourceObject: {fileID: 3783629176405775250, guid: c7c1a948b29dbf74482d526a9cb70b09,
    type: 3}
  m_PrefabInstance: {fileID: 2614779087606641494}
  m_PrefabAsset: {fileID: 0}
--- !u!1001 &3833049186962649967
PrefabInstance:
  m_ObjectHideFlags: 0
  serializedVersion: 2
  m_Modification:
    m_TransformParent: {fileID: 355214080888507487}
    m_Modifications:
    - target: {fileID: -3935880283818420675, guid: 72e4925baf17cd847b338d55f3d8abe9,
        type: 3}
      propertyPath: midPieces.Array.data[2]
      value: 
      objectReference: {fileID: 5248893574324962161}
    - target: {fileID: 5280471860913732123, guid: 72e4925baf17cd847b338d55f3d8abe9,
        type: 3}
      propertyPath: m_Name
      value: NextPiecePosition
      objectReference: {fileID: 0}
    - target: {fileID: 6363199178828033100, guid: 72e4925baf17cd847b338d55f3d8abe9,
        type: 3}
      propertyPath: m_LocalPosition.x
      value: 30
      objectReference: {fileID: 0}
    - target: {fileID: 6363199178828033100, guid: 72e4925baf17cd847b338d55f3d8abe9,
        type: 3}
      propertyPath: m_LocalPosition.y
      value: 0
      objectReference: {fileID: 0}
    - target: {fileID: 6363199178828033100, guid: 72e4925baf17cd847b338d55f3d8abe9,
        type: 3}
      propertyPath: m_LocalPosition.z
      value: 0
      objectReference: {fileID: 0}
    - target: {fileID: 6363199178828033100, guid: 72e4925baf17cd847b338d55f3d8abe9,
        type: 3}
      propertyPath: m_LocalRotation.x
      value: 0
      objectReference: {fileID: 0}
    - target: {fileID: 6363199178828033100, guid: 72e4925baf17cd847b338d55f3d8abe9,
        type: 3}
      propertyPath: m_LocalRotation.y
      value: 0
      objectReference: {fileID: 0}
    - target: {fileID: 6363199178828033100, guid: 72e4925baf17cd847b338d55f3d8abe9,
        type: 3}
      propertyPath: m_LocalRotation.z
      value: 0
      objectReference: {fileID: 0}
    - target: {fileID: 6363199178828033100, guid: 72e4925baf17cd847b338d55f3d8abe9,
        type: 3}
      propertyPath: m_LocalRotation.w
      value: 1
      objectReference: {fileID: 0}
    - target: {fileID: 6363199178828033100, guid: 72e4925baf17cd847b338d55f3d8abe9,
        type: 3}
      propertyPath: m_RootOrder
      value: 1
      objectReference: {fileID: 0}
    - target: {fileID: 6363199178828033100, guid: 72e4925baf17cd847b338d55f3d8abe9,
        type: 3}
      propertyPath: m_LocalEulerAnglesHint.x
      value: 0
      objectReference: {fileID: 0}
    - target: {fileID: 6363199178828033100, guid: 72e4925baf17cd847b338d55f3d8abe9,
        type: 3}
      propertyPath: m_LocalEulerAnglesHint.y
      value: 0
      objectReference: {fileID: 0}
    - target: {fileID: 6363199178828033100, guid: 72e4925baf17cd847b338d55f3d8abe9,
        type: 3}
      propertyPath: m_LocalEulerAnglesHint.z
      value: 0
      objectReference: {fileID: 0}
    m_RemovedComponents: []
  m_SourcePrefab: {fileID: 100100000, guid: 72e4925baf17cd847b338d55f3d8abe9, type: 3}
--- !u!4 &7890066981839707939 stripped
Transform:
  m_CorrespondingSourceObject: {fileID: 6363199178828033100, guid: 72e4925baf17cd847b338d55f3d8abe9,
    type: 3}
  m_PrefabInstance: {fileID: 3833049186962649967}
  m_PrefabAsset: {fileID: 0}
--- !u!1001 &4839265292627012694
PrefabInstance:
  m_ObjectHideFlags: 0
  serializedVersion: 2
  m_Modification:
    m_TransformParent: {fileID: 2934618939814206556}
    m_Modifications:
    - target: {fileID: 8229323175108125452, guid: 22f6b11c83aa53c419e1573d0fca4acd,
        type: 3}
      propertyPath: m_Name
      value: BloqueCemento_1 (1)
      objectReference: {fileID: 0}
    - target: {fileID: 8463363439183208595, guid: 22f6b11c83aa53c419e1573d0fca4acd,
        type: 3}
      propertyPath: m_LocalPosition.x
      value: -0.00000047683716
      objectReference: {fileID: 0}
    - target: {fileID: 8463363439183208595, guid: 22f6b11c83aa53c419e1573d0fca4acd,
        type: 3}
      propertyPath: m_LocalPosition.y
      value: -9.2
      objectReference: {fileID: 0}
    - target: {fileID: 8463363439183208595, guid: 22f6b11c83aa53c419e1573d0fca4acd,
        type: 3}
      propertyPath: m_LocalPosition.z
      value: 0.4
      objectReference: {fileID: 0}
    - target: {fileID: 8463363439183208595, guid: 22f6b11c83aa53c419e1573d0fca4acd,
        type: 3}
      propertyPath: m_LocalRotation.x
      value: -0
      objectReference: {fileID: 0}
    - target: {fileID: 8463363439183208595, guid: 22f6b11c83aa53c419e1573d0fca4acd,
        type: 3}
      propertyPath: m_LocalRotation.y
      value: -0
      objectReference: {fileID: 0}
    - target: {fileID: 8463363439183208595, guid: 22f6b11c83aa53c419e1573d0fca4acd,
        type: 3}
      propertyPath: m_LocalRotation.z
      value: -0
      objectReference: {fileID: 0}
    - target: {fileID: 8463363439183208595, guid: 22f6b11c83aa53c419e1573d0fca4acd,
        type: 3}
      propertyPath: m_LocalRotation.w
      value: 1
      objectReference: {fileID: 0}
    - target: {fileID: 8463363439183208595, guid: 22f6b11c83aa53c419e1573d0fca4acd,
        type: 3}
      propertyPath: m_RootOrder
      value: 9
      objectReference: {fileID: 0}
    - target: {fileID: 8463363439183208595, guid: 22f6b11c83aa53c419e1573d0fca4acd,
        type: 3}
      propertyPath: m_LocalEulerAnglesHint.x
      value: 0
      objectReference: {fileID: 0}
    - target: {fileID: 8463363439183208595, guid: 22f6b11c83aa53c419e1573d0fca4acd,
        type: 3}
      propertyPath: m_LocalEulerAnglesHint.y
      value: 0
      objectReference: {fileID: 0}
    - target: {fileID: 8463363439183208595, guid: 22f6b11c83aa53c419e1573d0fca4acd,
        type: 3}
      propertyPath: m_LocalEulerAnglesHint.z
      value: 0
      objectReference: {fileID: 0}
    m_RemovedComponents: []
  m_SourcePrefab: {fileID: 100100000, guid: 22f6b11c83aa53c419e1573d0fca4acd, type: 3}
--- !u!4 &3916845324003691717 stripped
Transform:
  m_CorrespondingSourceObject: {fileID: 8463363439183208595, guid: 22f6b11c83aa53c419e1573d0fca4acd,
    type: 3}
  m_PrefabInstance: {fileID: 4839265292627012694}
  m_PrefabAsset: {fileID: 0}
--- !u!1001 &5005514483373344166
PrefabInstance:
  m_ObjectHideFlags: 0
  serializedVersion: 2
  m_Modification:
    m_TransformParent: {fileID: 2934618939814206556}
    m_Modifications:
    - target: {fileID: 8229323175108125452, guid: 22f6b11c83aa53c419e1573d0fca4acd,
        type: 3}
      propertyPath: m_Name
      value: BloqueCemento_1 (2)
      objectReference: {fileID: 0}
    - target: {fileID: 8463363439183208595, guid: 22f6b11c83aa53c419e1573d0fca4acd,
        type: 3}
      propertyPath: m_LocalPosition.x
      value: 1.5999994
      objectReference: {fileID: 0}
    - target: {fileID: 8463363439183208595, guid: 22f6b11c83aa53c419e1573d0fca4acd,
        type: 3}
      propertyPath: m_LocalPosition.y
      value: -9.2
      objectReference: {fileID: 0}
    - target: {fileID: 8463363439183208595, guid: 22f6b11c83aa53c419e1573d0fca4acd,
        type: 3}
      propertyPath: m_LocalPosition.z
      value: 0.4
      objectReference: {fileID: 0}
    - target: {fileID: 8463363439183208595, guid: 22f6b11c83aa53c419e1573d0fca4acd,
        type: 3}
      propertyPath: m_LocalRotation.x
      value: -0
      objectReference: {fileID: 0}
    - target: {fileID: 8463363439183208595, guid: 22f6b11c83aa53c419e1573d0fca4acd,
        type: 3}
      propertyPath: m_LocalRotation.y
      value: -0
      objectReference: {fileID: 0}
    - target: {fileID: 8463363439183208595, guid: 22f6b11c83aa53c419e1573d0fca4acd,
        type: 3}
      propertyPath: m_LocalRotation.z
      value: -0
      objectReference: {fileID: 0}
    - target: {fileID: 8463363439183208595, guid: 22f6b11c83aa53c419e1573d0fca4acd,
        type: 3}
      propertyPath: m_LocalRotation.w
      value: 1
      objectReference: {fileID: 0}
    - target: {fileID: 8463363439183208595, guid: 22f6b11c83aa53c419e1573d0fca4acd,
        type: 3}
      propertyPath: m_RootOrder
      value: 10
      objectReference: {fileID: 0}
    - target: {fileID: 8463363439183208595, guid: 22f6b11c83aa53c419e1573d0fca4acd,
        type: 3}
      propertyPath: m_LocalEulerAnglesHint.x
      value: 0
      objectReference: {fileID: 0}
    - target: {fileID: 8463363439183208595, guid: 22f6b11c83aa53c419e1573d0fca4acd,
        type: 3}
      propertyPath: m_LocalEulerAnglesHint.y
      value: 0
      objectReference: {fileID: 0}
    - target: {fileID: 8463363439183208595, guid: 22f6b11c83aa53c419e1573d0fca4acd,
        type: 3}
      propertyPath: m_LocalEulerAnglesHint.z
      value: 0
      objectReference: {fileID: 0}
    m_RemovedComponents: []
  m_SourcePrefab: {fileID: 100100000, guid: 22f6b11c83aa53c419e1573d0fca4acd, type: 3}
--- !u!4 &3460102430459536693 stripped
Transform:
  m_CorrespondingSourceObject: {fileID: 8463363439183208595, guid: 22f6b11c83aa53c419e1573d0fca4acd,
    type: 3}
  m_PrefabInstance: {fileID: 5005514483373344166}
  m_PrefabAsset: {fileID: 0}
--- !u!1001 &5499829803163156003
PrefabInstance:
  m_ObjectHideFlags: 0
  serializedVersion: 2
  m_Modification:
    m_TransformParent: {fileID: 2934618939814206556}
    m_Modifications:
    - target: {fileID: 8229323175108125452, guid: 22f6b11c83aa53c419e1573d0fca4acd,
        type: 3}
      propertyPath: m_Name
      value: BloqueCemento_1 (6)
      objectReference: {fileID: 0}
    - target: {fileID: 8463363439183208595, guid: 22f6b11c83aa53c419e1573d0fca4acd,
        type: 3}
      propertyPath: m_LocalPosition.x
      value: 8
      objectReference: {fileID: 0}
    - target: {fileID: 8463363439183208595, guid: 22f6b11c83aa53c419e1573d0fca4acd,
        type: 3}
      propertyPath: m_LocalPosition.y
      value: -9.2
      objectReference: {fileID: 0}
    - target: {fileID: 8463363439183208595, guid: 22f6b11c83aa53c419e1573d0fca4acd,
        type: 3}
      propertyPath: m_LocalPosition.z
      value: 0.4
      objectReference: {fileID: 0}
    - target: {fileID: 8463363439183208595, guid: 22f6b11c83aa53c419e1573d0fca4acd,
        type: 3}
      propertyPath: m_LocalRotation.x
      value: -0
      objectReference: {fileID: 0}
    - target: {fileID: 8463363439183208595, guid: 22f6b11c83aa53c419e1573d0fca4acd,
        type: 3}
      propertyPath: m_LocalRotation.y
      value: -0
      objectReference: {fileID: 0}
    - target: {fileID: 8463363439183208595, guid: 22f6b11c83aa53c419e1573d0fca4acd,
        type: 3}
      propertyPath: m_LocalRotation.z
      value: -0
      objectReference: {fileID: 0}
    - target: {fileID: 8463363439183208595, guid: 22f6b11c83aa53c419e1573d0fca4acd,
        type: 3}
      propertyPath: m_LocalRotation.w
      value: 1
      objectReference: {fileID: 0}
    - target: {fileID: 8463363439183208595, guid: 22f6b11c83aa53c419e1573d0fca4acd,
        type: 3}
      propertyPath: m_RootOrder
      value: 14
      objectReference: {fileID: 0}
    - target: {fileID: 8463363439183208595, guid: 22f6b11c83aa53c419e1573d0fca4acd,
        type: 3}
      propertyPath: m_LocalEulerAnglesHint.x
      value: 0
      objectReference: {fileID: 0}
    - target: {fileID: 8463363439183208595, guid: 22f6b11c83aa53c419e1573d0fca4acd,
        type: 3}
      propertyPath: m_LocalEulerAnglesHint.y
      value: 0
      objectReference: {fileID: 0}
    - target: {fileID: 8463363439183208595, guid: 22f6b11c83aa53c419e1573d0fca4acd,
        type: 3}
      propertyPath: m_LocalEulerAnglesHint.z
      value: 0
      objectReference: {fileID: 0}
    m_RemovedComponents: []
  m_SourcePrefab: {fileID: 100100000, guid: 22f6b11c83aa53c419e1573d0fca4acd, type: 3}
--- !u!4 &4116494723385810608 stripped
Transform:
  m_CorrespondingSourceObject: {fileID: 8463363439183208595, guid: 22f6b11c83aa53c419e1573d0fca4acd,
    type: 3}
  m_PrefabInstance: {fileID: 5499829803163156003}
  m_PrefabAsset: {fileID: 0}
--- !u!1001 &5880148529400360468
PrefabInstance:
  m_ObjectHideFlags: 0
  serializedVersion: 2
  m_Modification:
    m_TransformParent: {fileID: 2934618939814206556}
    m_Modifications:
    - target: {fileID: 8229323175108125452, guid: 22f6b11c83aa53c419e1573d0fca4acd,
        type: 3}
      propertyPath: m_Name
      value: BloqueCemento_1 (5)
      objectReference: {fileID: 0}
    - target: {fileID: 8463363439183208595, guid: 22f6b11c83aa53c419e1573d0fca4acd,
        type: 3}
      propertyPath: m_LocalPosition.x
      value: 6.3999996
      objectReference: {fileID: 0}
    - target: {fileID: 8463363439183208595, guid: 22f6b11c83aa53c419e1573d0fca4acd,
        type: 3}
      propertyPath: m_LocalPosition.y
      value: -9.2
      objectReference: {fileID: 0}
    - target: {fileID: 8463363439183208595, guid: 22f6b11c83aa53c419e1573d0fca4acd,
        type: 3}
      propertyPath: m_LocalPosition.z
      value: 0.4
      objectReference: {fileID: 0}
    - target: {fileID: 8463363439183208595, guid: 22f6b11c83aa53c419e1573d0fca4acd,
        type: 3}
      propertyPath: m_LocalRotation.x
      value: -0
      objectReference: {fileID: 0}
    - target: {fileID: 8463363439183208595, guid: 22f6b11c83aa53c419e1573d0fca4acd,
        type: 3}
      propertyPath: m_LocalRotation.y
      value: -0
      objectReference: {fileID: 0}
    - target: {fileID: 8463363439183208595, guid: 22f6b11c83aa53c419e1573d0fca4acd,
        type: 3}
      propertyPath: m_LocalRotation.z
      value: -0
      objectReference: {fileID: 0}
    - target: {fileID: 8463363439183208595, guid: 22f6b11c83aa53c419e1573d0fca4acd,
        type: 3}
      propertyPath: m_LocalRotation.w
      value: 1
      objectReference: {fileID: 0}
    - target: {fileID: 8463363439183208595, guid: 22f6b11c83aa53c419e1573d0fca4acd,
        type: 3}
      propertyPath: m_RootOrder
      value: 13
      objectReference: {fileID: 0}
    - target: {fileID: 8463363439183208595, guid: 22f6b11c83aa53c419e1573d0fca4acd,
        type: 3}
      propertyPath: m_LocalEulerAnglesHint.x
      value: 0
      objectReference: {fileID: 0}
    - target: {fileID: 8463363439183208595, guid: 22f6b11c83aa53c419e1573d0fca4acd,
        type: 3}
      propertyPath: m_LocalEulerAnglesHint.y
      value: 0
      objectReference: {fileID: 0}
    - target: {fileID: 8463363439183208595, guid: 22f6b11c83aa53c419e1573d0fca4acd,
        type: 3}
      propertyPath: m_LocalEulerAnglesHint.z
      value: 0
      objectReference: {fileID: 0}
    m_RemovedComponents: []
  m_SourcePrefab: {fileID: 100100000, guid: 22f6b11c83aa53c419e1573d0fca4acd, type: 3}
--- !u!4 &2659819627587735175 stripped
Transform:
  m_CorrespondingSourceObject: {fileID: 8463363439183208595, guid: 22f6b11c83aa53c419e1573d0fca4acd,
    type: 3}
  m_PrefabInstance: {fileID: 5880148529400360468}
  m_PrefabAsset: {fileID: 0}
--- !u!1001 &6864925916310849522
PrefabInstance:
  m_ObjectHideFlags: 0
  serializedVersion: 2
  m_Modification:
    m_TransformParent: {fileID: 2934618939814206556}
    m_Modifications:
    - target: {fileID: 3214385478785973718, guid: 7f3889444efec9442967a53e473c6eb9,
        type: 3}
      propertyPath: m_Name
      value: BloqueCemento_3
      objectReference: {fileID: 0}
    - target: {fileID: 3404428120908754419, guid: 7f3889444efec9442967a53e473c6eb9,
        type: 3}
      propertyPath: m_LocalPosition.x
      value: 9.599999
      objectReference: {fileID: 0}
    - target: {fileID: 3404428120908754419, guid: 7f3889444efec9442967a53e473c6eb9,
        type: 3}
      propertyPath: m_LocalPosition.y
      value: -9.2
      objectReference: {fileID: 0}
    - target: {fileID: 3404428120908754419, guid: 7f3889444efec9442967a53e473c6eb9,
        type: 3}
      propertyPath: m_LocalPosition.z
      value: 0.4
      objectReference: {fileID: 0}
    - target: {fileID: 3404428120908754419, guid: 7f3889444efec9442967a53e473c6eb9,
        type: 3}
      propertyPath: m_LocalRotation.x
      value: -0
      objectReference: {fileID: 0}
    - target: {fileID: 3404428120908754419, guid: 7f3889444efec9442967a53e473c6eb9,
        type: 3}
      propertyPath: m_LocalRotation.y
      value: -0
      objectReference: {fileID: 0}
    - target: {fileID: 3404428120908754419, guid: 7f3889444efec9442967a53e473c6eb9,
        type: 3}
      propertyPath: m_LocalRotation.z
      value: -0
      objectReference: {fileID: 0}
    - target: {fileID: 3404428120908754419, guid: 7f3889444efec9442967a53e473c6eb9,
        type: 3}
      propertyPath: m_LocalRotation.w
      value: 1
      objectReference: {fileID: 0}
    - target: {fileID: 3404428120908754419, guid: 7f3889444efec9442967a53e473c6eb9,
        type: 3}
      propertyPath: m_RootOrder
      value: 8
      objectReference: {fileID: 0}
    - target: {fileID: 3404428120908754419, guid: 7f3889444efec9442967a53e473c6eb9,
        type: 3}
      propertyPath: m_LocalEulerAnglesHint.x
      value: 0
      objectReference: {fileID: 0}
    - target: {fileID: 3404428120908754419, guid: 7f3889444efec9442967a53e473c6eb9,
        type: 3}
      propertyPath: m_LocalEulerAnglesHint.y
      value: 0
      objectReference: {fileID: 0}
    - target: {fileID: 3404428120908754419, guid: 7f3889444efec9442967a53e473c6eb9,
        type: 3}
      propertyPath: m_LocalEulerAnglesHint.z
      value: 0
      objectReference: {fileID: 0}
    m_RemovedComponents: []
  m_SourcePrefab: {fileID: 100100000, guid: 7f3889444efec9442967a53e473c6eb9, type: 3}
--- !u!4 &8105328042094176769 stripped
Transform:
  m_CorrespondingSourceObject: {fileID: 3404428120908754419, guid: 7f3889444efec9442967a53e473c6eb9,
    type: 3}
  m_PrefabInstance: {fileID: 6864925916310849522}
  m_PrefabAsset: {fileID: 0}
--- !u!1001 &7659106527647808495
PrefabInstance:
  m_ObjectHideFlags: 0
  serializedVersion: 2
  m_Modification:
    m_TransformParent: {fileID: 2934618939814206556}
    m_Modifications:
    - target: {fileID: 6308625226357991316, guid: a0f7ce7841c606d479bcb6f93414d7ca,
        type: 3}
      propertyPath: m_LocalPosition.x
      value: 14.6
      objectReference: {fileID: 0}
    - target: {fileID: 6308625226357991316, guid: a0f7ce7841c606d479bcb6f93414d7ca,
        type: 3}
      propertyPath: m_LocalPosition.y
      value: -8.7
      objectReference: {fileID: 0}
    - target: {fileID: 6308625226357991316, guid: a0f7ce7841c606d479bcb6f93414d7ca,
        type: 3}
      propertyPath: m_LocalPosition.z
      value: 0.2
      objectReference: {fileID: 0}
    - target: {fileID: 6308625226357991316, guid: a0f7ce7841c606d479bcb6f93414d7ca,
        type: 3}
      propertyPath: m_LocalRotation.x
      value: 0
      objectReference: {fileID: 0}
    - target: {fileID: 6308625226357991316, guid: a0f7ce7841c606d479bcb6f93414d7ca,
        type: 3}
      propertyPath: m_LocalRotation.y
      value: 0
      objectReference: {fileID: 0}
    - target: {fileID: 6308625226357991316, guid: a0f7ce7841c606d479bcb6f93414d7ca,
        type: 3}
      propertyPath: m_LocalRotation.z
      value: 0
      objectReference: {fileID: 0}
    - target: {fileID: 6308625226357991316, guid: a0f7ce7841c606d479bcb6f93414d7ca,
        type: 3}
      propertyPath: m_LocalRotation.w
      value: 1
      objectReference: {fileID: 0}
    - target: {fileID: 6308625226357991316, guid: a0f7ce7841c606d479bcb6f93414d7ca,
        type: 3}
      propertyPath: m_RootOrder
      value: 21
      objectReference: {fileID: 0}
    - target: {fileID: 6308625226357991316, guid: a0f7ce7841c606d479bcb6f93414d7ca,
        type: 3}
      propertyPath: m_LocalEulerAnglesHint.x
      value: 0
      objectReference: {fileID: 0}
    - target: {fileID: 6308625226357991316, guid: a0f7ce7841c606d479bcb6f93414d7ca,
        type: 3}
      propertyPath: m_LocalEulerAnglesHint.y
      value: 0
      objectReference: {fileID: 0}
    - target: {fileID: 6308625226357991316, guid: a0f7ce7841c606d479bcb6f93414d7ca,
        type: 3}
      propertyPath: m_LocalEulerAnglesHint.z
      value: 0
      objectReference: {fileID: 0}
    - target: {fileID: 6308625226357991318, guid: a0f7ce7841c606d479bcb6f93414d7ca,
        type: 3}
      propertyPath: m_Name
      value: Moto_6
      objectReference: {fileID: 0}
    m_RemovedComponents: []
  m_SourcePrefab: {fileID: 100100000, guid: a0f7ce7841c606d479bcb6f93414d7ca, type: 3}
--- !u!4 &4451282624890035323 stripped
Transform:
  m_CorrespondingSourceObject: {fileID: 6308625226357991316, guid: a0f7ce7841c606d479bcb6f93414d7ca,
    type: 3}
  m_PrefabInstance: {fileID: 7659106527647808495}
  m_PrefabAsset: {fileID: 0}
--- !u!1001 &7877490577528705164
PrefabInstance:
  m_ObjectHideFlags: 0
  serializedVersion: 2
  m_Modification:
    m_TransformParent: {fileID: 2934618939814206556}
    m_Modifications:
    - target: {fileID: 4486728348148584620, guid: f9ad5b1125bd4214d879a1b0dcff66cd,
        type: 3}
      propertyPath: m_LocalPosition.x
      value: -6.8
      objectReference: {fileID: 0}
    - target: {fileID: 4486728348148584620, guid: f9ad5b1125bd4214d879a1b0dcff66cd,
        type: 3}
      propertyPath: m_LocalPosition.y
      value: -4
      objectReference: {fileID: 0}
    - target: {fileID: 4486728348148584620, guid: f9ad5b1125bd4214d879a1b0dcff66cd,
        type: 3}
      propertyPath: m_LocalPosition.z
      value: 1
      objectReference: {fileID: 0}
    - target: {fileID: 4486728348148584620, guid: f9ad5b1125bd4214d879a1b0dcff66cd,
        type: 3}
      propertyPath: m_LocalRotation.x
      value: 0
      objectReference: {fileID: 0}
    - target: {fileID: 4486728348148584620, guid: f9ad5b1125bd4214d879a1b0dcff66cd,
        type: 3}
      propertyPath: m_LocalRotation.y
      value: 0
      objectReference: {fileID: 0}
    - target: {fileID: 4486728348148584620, guid: f9ad5b1125bd4214d879a1b0dcff66cd,
        type: 3}
      propertyPath: m_LocalRotation.z
      value: 0
      objectReference: {fileID: 0}
    - target: {fileID: 4486728348148584620, guid: f9ad5b1125bd4214d879a1b0dcff66cd,
        type: 3}
      propertyPath: m_LocalRotation.w
      value: 1
      objectReference: {fileID: 0}
    - target: {fileID: 4486728348148584620, guid: f9ad5b1125bd4214d879a1b0dcff66cd,
        type: 3}
      propertyPath: m_RootOrder
      value: 15
      objectReference: {fileID: 0}
    - target: {fileID: 4486728348148584620, guid: f9ad5b1125bd4214d879a1b0dcff66cd,
        type: 3}
      propertyPath: m_LocalEulerAnglesHint.x
      value: 0
      objectReference: {fileID: 0}
    - target: {fileID: 4486728348148584620, guid: f9ad5b1125bd4214d879a1b0dcff66cd,
        type: 3}
      propertyPath: m_LocalEulerAnglesHint.y
      value: 0
      objectReference: {fileID: 0}
    - target: {fileID: 4486728348148584620, guid: f9ad5b1125bd4214d879a1b0dcff66cd,
        type: 3}
      propertyPath: m_LocalEulerAnglesHint.z
      value: 0
      objectReference: {fileID: 0}
    - target: {fileID: 4486728348148588370, guid: f9ad5b1125bd4214d879a1b0dcff66cd,
        type: 3}
      propertyPath: m_Name
      value: Farola_1
      objectReference: {fileID: 0}
    m_RemovedComponents: []
  m_SourcePrefab: {fileID: 100100000, guid: f9ad5b1125bd4214d879a1b0dcff66cd, type: 3}
--- !u!4 &5987105077075607584 stripped
Transform:
  m_CorrespondingSourceObject: {fileID: 4486728348148584620, guid: f9ad5b1125bd4214d879a1b0dcff66cd,
    type: 3}
  m_PrefabInstance: {fileID: 7877490577528705164}
  m_PrefabAsset: {fileID: 0}
--- !u!1001 &8432610924520264663
PrefabInstance:
  m_ObjectHideFlags: 0
  serializedVersion: 2
  m_Modification:
    m_TransformParent: {fileID: 2934618939814206556}
    m_Modifications:
    - target: {fileID: 8229323175108125452, guid: 22f6b11c83aa53c419e1573d0fca4acd,
        type: 3}
      propertyPath: m_Name
      value: BloqueCemento_1
      objectReference: {fileID: 0}
    - target: {fileID: 8463363439183208595, guid: 22f6b11c83aa53c419e1573d0fca4acd,
        type: 3}
      propertyPath: m_LocalPosition.x
      value: -1.6000005
      objectReference: {fileID: 0}
    - target: {fileID: 8463363439183208595, guid: 22f6b11c83aa53c419e1573d0fca4acd,
        type: 3}
      propertyPath: m_LocalPosition.y
      value: -9.2
      objectReference: {fileID: 0}
    - target: {fileID: 8463363439183208595, guid: 22f6b11c83aa53c419e1573d0fca4acd,
        type: 3}
      propertyPath: m_LocalPosition.z
      value: 0.4
      objectReference: {fileID: 0}
    - target: {fileID: 8463363439183208595, guid: 22f6b11c83aa53c419e1573d0fca4acd,
        type: 3}
      propertyPath: m_LocalRotation.x
      value: -0
      objectReference: {fileID: 0}
    - target: {fileID: 8463363439183208595, guid: 22f6b11c83aa53c419e1573d0fca4acd,
        type: 3}
      propertyPath: m_LocalRotation.y
      value: -0
      objectReference: {fileID: 0}
    - target: {fileID: 8463363439183208595, guid: 22f6b11c83aa53c419e1573d0fca4acd,
        type: 3}
      propertyPath: m_LocalRotation.z
      value: -0
      objectReference: {fileID: 0}
    - target: {fileID: 8463363439183208595, guid: 22f6b11c83aa53c419e1573d0fca4acd,
        type: 3}
      propertyPath: m_LocalRotation.w
      value: 1
      objectReference: {fileID: 0}
    - target: {fileID: 8463363439183208595, guid: 22f6b11c83aa53c419e1573d0fca4acd,
        type: 3}
      propertyPath: m_RootOrder
      value: 7
      objectReference: {fileID: 0}
    - target: {fileID: 8463363439183208595, guid: 22f6b11c83aa53c419e1573d0fca4acd,
        type: 3}
      propertyPath: m_LocalEulerAnglesHint.x
      value: 0
      objectReference: {fileID: 0}
    - target: {fileID: 8463363439183208595, guid: 22f6b11c83aa53c419e1573d0fca4acd,
        type: 3}
      propertyPath: m_LocalEulerAnglesHint.y
      value: 0
      objectReference: {fileID: 0}
    - target: {fileID: 8463363439183208595, guid: 22f6b11c83aa53c419e1573d0fca4acd,
        type: 3}
      propertyPath: m_LocalEulerAnglesHint.z
      value: 0
      objectReference: {fileID: 0}
    m_RemovedComponents: []
  m_SourcePrefab: {fileID: 100100000, guid: 22f6b11c83aa53c419e1573d0fca4acd, type: 3}
--- !u!4 &33019159764857668 stripped
Transform:
  m_CorrespondingSourceObject: {fileID: 8463363439183208595, guid: 22f6b11c83aa53c419e1573d0fca4acd,
    type: 3}
  m_PrefabInstance: {fileID: 8432610924520264663}
  m_PrefabAsset: {fileID: 0}
--- !u!1001 &8940812210985106653
PrefabInstance:
  m_ObjectHideFlags: 0
  serializedVersion: 2
  m_Modification:
    m_TransformParent: {fileID: 2934618939814206556}
    m_Modifications:
    - target: {fileID: 8229323175108125452, guid: 22f6b11c83aa53c419e1573d0fca4acd,
        type: 3}
      propertyPath: m_Name
      value: BloqueCemento_1 (3)
      objectReference: {fileID: 0}
    - target: {fileID: 8463363439183208595, guid: 22f6b11c83aa53c419e1573d0fca4acd,
        type: 3}
      propertyPath: m_LocalPosition.x
      value: 3.1999993
      objectReference: {fileID: 0}
    - target: {fileID: 8463363439183208595, guid: 22f6b11c83aa53c419e1573d0fca4acd,
        type: 3}
      propertyPath: m_LocalPosition.y
      value: -9.2
      objectReference: {fileID: 0}
    - target: {fileID: 8463363439183208595, guid: 22f6b11c83aa53c419e1573d0fca4acd,
        type: 3}
      propertyPath: m_LocalPosition.z
      value: 0.4
      objectReference: {fileID: 0}
    - target: {fileID: 8463363439183208595, guid: 22f6b11c83aa53c419e1573d0fca4acd,
        type: 3}
      propertyPath: m_LocalRotation.x
      value: -0
      objectReference: {fileID: 0}
    - target: {fileID: 8463363439183208595, guid: 22f6b11c83aa53c419e1573d0fca4acd,
        type: 3}
      propertyPath: m_LocalRotation.y
      value: -0
      objectReference: {fileID: 0}
    - target: {fileID: 8463363439183208595, guid: 22f6b11c83aa53c419e1573d0fca4acd,
        type: 3}
      propertyPath: m_LocalRotation.z
      value: -0
      objectReference: {fileID: 0}
    - target: {fileID: 8463363439183208595, guid: 22f6b11c83aa53c419e1573d0fca4acd,
        type: 3}
      propertyPath: m_LocalRotation.w
      value: 1
      objectReference: {fileID: 0}
    - target: {fileID: 8463363439183208595, guid: 22f6b11c83aa53c419e1573d0fca4acd,
        type: 3}
      propertyPath: m_RootOrder
      value: 11
      objectReference: {fileID: 0}
    - target: {fileID: 8463363439183208595, guid: 22f6b11c83aa53c419e1573d0fca4acd,
        type: 3}
      propertyPath: m_LocalEulerAnglesHint.x
      value: 0
      objectReference: {fileID: 0}
    - target: {fileID: 8463363439183208595, guid: 22f6b11c83aa53c419e1573d0fca4acd,
        type: 3}
      propertyPath: m_LocalEulerAnglesHint.y
      value: 0
      objectReference: {fileID: 0}
    - target: {fileID: 8463363439183208595, guid: 22f6b11c83aa53c419e1573d0fca4acd,
        type: 3}
      propertyPath: m_LocalEulerAnglesHint.z
      value: 0
      objectReference: {fileID: 0}
    m_RemovedComponents: []
  m_SourcePrefab: {fileID: 100100000, guid: 22f6b11c83aa53c419e1573d0fca4acd, type: 3}
--- !u!4 &677736084812520526 stripped
Transform:
  m_CorrespondingSourceObject: {fileID: 8463363439183208595, guid: 22f6b11c83aa53c419e1573d0fca4acd,
    type: 3}
  m_PrefabInstance: {fileID: 8940812210985106653}
  m_PrefabAsset: {fileID: 0}
